%YAML 1.1
%TAG !u! tag:unity3d.com,2011:
--- !u!241 &24100000
AudioMixerController:
  m_ObjectHideFlags: 0
  m_PrefabParentObject: {fileID: 0}
  m_PrefabInternal: {fileID: 0}
  m_Name: MainMixer
  m_OutputGroup: {fileID: 0}
  m_MasterGroup: {fileID: 24300002}
  m_Snapshots:
  - {fileID: 24500006}
  m_StartSnapshot: {fileID: 24500006}
  m_SuspendThreshold: -80
  m_EnableSuspend: 1
  m_UpdateMode: 0
  m_ExposedParameters: []
  m_AudioMixerGroupViews:
  - guids:
    - 1ce771e1ed8a6f245b577b8eaee5dd6d
    - 69a1365133431cc40868d4ffd7024a8b
    - 05aa7df64ff048740a8a42c4796f0093
    name: View
  m_CurrentViewIndex: 0
  m_TargetSnapshot: {fileID: 24500006}
--- !u!243 &24300002
AudioMixerGroupController:
  m_ObjectHideFlags: 0
  m_PrefabParentObject: {fileID: 0}
  m_PrefabInternal: {fileID: 0}
  m_Name: Master
  m_AudioMixer: {fileID: 24100000}
  m_GroupID: 1ce771e1ed8a6f245b577b8eaee5dd6d
  m_Children:
  - {fileID: 243913761897653128}
  - {fileID: 243461219963000386}
  m_Volume: b666bd602a91e6644a73fee1ed33f955
  m_Pitch: 66a8c73106647024ba0feeb7327e1f2f
  m_Effects:
  - {fileID: 24400004}
  m_UserColorIndex: 0
  m_Mute: 0
  m_Solo: 0
  m_BypassEffects: 0
--- !u!244 &24400004
AudioMixerEffectController:
  m_ObjectHideFlags: 3
  m_PrefabParentObject: {fileID: 0}
  m_PrefabInternal: {fileID: 0}
  m_Name: 
  m_EffectID: 5c1325ea100a2584aad5dcfd89290ae0
  m_EffectName: Attenuation
  m_MixLevel: eb088725dc2a9494da95ef30c5810cc3
  m_Parameters: []
  m_SendTarget: {fileID: 0}
  m_EnableWetMix: 0
  m_Bypass: 0
--- !u!245 &24500006
AudioMixerSnapshotController:
  m_ObjectHideFlags: 0
  m_PrefabParentObject: {fileID: 0}
  m_PrefabInternal: {fileID: 0}
  m_Name: Snapshot
  m_AudioMixer: {fileID: 24100000}
  m_SnapshotID: 019ae3a1e5e0c6a46ac50e86975e1a3a
  m_FloatValues:
    cfa7a6035e21277469d4fa40579f14ef: -13.0627575
    f2e4f8e81ff605147b45c6d0280c7906: -0.025776558
  m_TransitionOverrides: {}
--- !u!243 &243461219963000386
AudioMixerGroupController:
  m_ObjectHideFlags: 0
  m_PrefabParentObject: {fileID: 0}
  m_PrefabInternal: {fileID: 0}
  m_Name: SFX
  m_AudioMixer: {fileID: 24100000}
  m_GroupID: 05aa7df64ff048740a8a42c4796f0093
  m_Children: []
  m_Volume: f2e4f8e81ff605147b45c6d0280c7906
  m_Pitch: 3aeb79a5c2d3af14eb48b126c25875e4
  m_Effects:
  - {fileID: 244079699294707108}
  m_UserColorIndex: 0
  m_Mute: 0
  m_Solo: 0
  m_BypassEffects: 0
--- !u!243 &243913761897653128
AudioMixerGroupController:
  m_ObjectHideFlags: 0
  m_PrefabParentObject: {fileID: 0}
  m_PrefabInternal: {fileID: 0}
  m_Name: Music
  m_AudioMixer: {fileID: 24100000}
  m_GroupID: 69a1365133431cc40868d4ffd7024a8b
  m_Children: []
  m_Volume: cfa7a6035e21277469d4fa40579f14ef
  m_Pitch: 262e5f465c19fc449898be53fcd3000b
  m_Effects:
  - {fileID: 244462453558902362}
  m_UserColorIndex: 0
  m_Mute: 0
  m_Solo: 0
  m_BypassEffects: 0
--- !u!244 &244079699294707108
AudioMixerEffectController:
  m_ObjectHideFlags: 3
  m_PrefabParentObject: {fileID: 0}
  m_PrefabInternal: {fileID: 0}
  m_Name: 
  m_EffectID: d7f4e5afdfcacba40915ba75f0244a82
  m_EffectName: Attenuation
  m_MixLevel: 8691f7008b6a1fc44a62e6c80f0bc10f
  m_Parameters: []
  m_SendTarget: {fileID: 0}
  m_EnableWetMix: 0
  m_Bypass: 0
--- !u!244 &244462453558902362
AudioMixerEffectController:
  m_ObjectHideFlags: 3
  m_PrefabParentObject: {fileID: 0}
  m_PrefabInternal: {fileID: 0}
  m_Name: 
  m_EffectID: 99fd8844714ea3d42a530f9725d8d08f
  m_EffectName: Attenuation
  m_MixLevel: 0037a307024940441bd6767b6427398d
  m_Parameters: []
  m_SendTarget: {fileID: 0}
  m_EnableWetMix: 0
  m_Bypass: 0
